@inproceedings{zhu2013sensec,
  title={Sensec: Mobile security through passive sensing},
  author={Zhu, Jiang and Wu, Pang and Wang, Xiao and Zhang, Joy},
  booktitle={Computing, Networking and Communications (ICNC), 2013 International Conference on},
  pages={1128--1133},
  year={2013},
  organization={IEEE}
}

@incollection{chis2013sliding,
  title={Sliding Hidden Markov Model for Evaluating Discrete Data},
  author={Chis, Tiberiu},
  booktitle={Computer Performance Engineering},
  pages={251--262},
  year={2013},
  publisher={Springer}
}
