@inproceedings{saravanan2014latentgesture,
  title={LatentGesture: active user authentication through background touch analysis},
  author={Saravanan, Premkumar and Clarke, Samuel and Chau, Duen Horng Polo and Zha, Hongyuan},
  booktitle={Proceedings of the Second International Symposium of Chinese CHI},
  pages={110--113},
  year={2014},
  organization={ACM}
}
