@INPROCEEDINGS{touchscreengestures, 
author={Tao Feng and Ziyi Liu and Kyeong-An Kwon and Weidong Shi and Carbunar, B. and Yifei Jiang and Nguyen, N.}, 
booktitle={Homeland Security (HST), 2012 IEEE Conference on Technologies for}, 
title={Continuous mobile authentication using touchscreen gestures}, 
year={2012}, 
pages={451-456}, 
keywords={authorisation;data gloves;gesture recognition;information retrieval;mobile computing;mobile handsets;pattern classification;touch sensitive screens;FAR values;FAST complements;FAST continuous user transparent post-login authentication;FRR values;continuous mobile authentication;continuous mobile system protection;continuous post-login user authentication;data validation;digital sensor glove;false accept rate;false reject rate;finger-gestures authentication system using touchscreen;honest mobile users;off-the-shelf components;post-login access security;sensitive data access;sensitive data storage;state-of-the-art classification algorithms;touchscreen equipped smart phones;touchscreen gestures;touchscreen-based user authentication approach;transparent mobile system protection;Authentication;Decision trees;Feature extraction;Mobile communication;Smart phones;Hand-held device;touch-screen;user-authentication}, 
doi={10.1109/THS.2012.6459891}, 
month={Nov},}
@article{Ratha:2001,
 author = {Ratha, N. K. and Connell, J. H. and Bolle, R. M.},
 title = {Enhancing Security and Privacy in Biometrics-based Authentication Systems},
 journal = {IBM Syst. J.},
 issue_date = {March 2001},
 volume = {40},
 number = {3},
 month = mar,
 year = {2001},
 issn = {0018-8670},
 pages = {614--634},
 numpages = {21},
 url = {http://dx.doi.org/10.1147/sj.403.0614},
 doi = {10.1147/sj.403.0614},
 acmid = {1017209},
 publisher = {IBM Corp.},
 address = {Riverton, NJ, USA},
} 
@INPROCEEDINGS{Gait, 
author={Sangil Choi and Ik-Hyun Youn and LeMay, R. and Burns, S. and Jong-Hoon Youn}, 
booktitle={Computing, Networking and Communications (ICNC), 2014 International Conference on}, 
title={Biometric gait recognition based on wireless acceleration sensor using k-nearest neighbor classification}, 
year={2014}, 
pages={1091-1095}, 
keywords={accelerometers;authorisation;biometrics (access control);gait analysis;mobile handsets;KNN;PIN;acceleration data;authentication methods;biometric gait recognition;gait signature authentication system;gait signature metrics;human gait patterns;k-nearest neighbor classification;mobile devices;password-based security scheme;reference gait metrics;user private information;wireless acceleration sensor;Acceleration;Authentication;Feature extraction;Gait recognition;Legged locomotion;Measurement;Training}, 
doi={10.1109/ICCNC.2014.6785491}, 
month={Feb},}

@inproceedings{ScheelTyagi15,
author={Scheel, R. and Tyagi, A.},
title={Characterizing Composite User-Device Touchscreen Physical Unclonable Functions (PUFs) for Mobile Device Authentication},
booktitle={ACM International Workshop in Trusted Embedded Devices, TRUSTED 2015},
publisher={ACM},
month={October},
year={2015}
}

@article{KeystrokeHASE14,
author = {Zahid Syed and Sean Banerjee and Bojan Cukic},
title = {Leveraging Variations in Event Sequences in Keystroke-Dynamics Authentication Systems},
journal ={Ninth IEEE International Symposium on High-Assurance Systems Engineering (HASE'05)},
volume = {0},
isbn = {},
year = {2014},
pages = {9-16},
doi = {http://doi.ieeecomputersociety.org/10.1109/HASE.2014.11},
publisher = {IEEE Computer Society},
address = {Los Alamitos, CA, USA},
}
@ARTICLE{Gesture14, 
author={Napa Sae-Bae and Memon, N. and Isbister, K. and Ahmed, K.}, 
journal={Information Forensics and Security, IEEE Transactions on}, 
title={Multitouch Gesture-Based Authentication}, 
year={2014}, 
month={April}, 
volume={9}, 
number={4}, 
pages={568-582}, 
keywords={biometrics (access control);gesture recognition;image matching;security of data;user interfaces;biometric information;boosting verification;customized background image;finger movement;hand movement;multitouch gesture based authentication;multitouch gesture matching algorithm;touch sensitive devices;user authentication;user device interaction;Accuracy;Authentication;Performance evaluation;Taxonomy;Thumb;Usability;Multitouch gesture;biometric;gesture recognition;mobile authentication}, 
doi={10.1109/TIFS.2014.2302582}, 
ISSN={1556-6013},}

@article{zhu2013sensec,
author = {Joy Zhang and Xiao Wang and Pang Wu and Jiang Zhu},
title = {SenSec: Mobile security through passive sensing},
journal ={2013 International Conference on Computing, Networking and Communications (ICNC)},
volume = {0},
isbn = {978-1-4673-5287-1},
year = {2013},
pages = {1128-1133},
doi = {http://doi.ieeecomputersociety.org/10.1109/ICCNC.2013.6504251},
publisher = {IEEE Computer Society},
address = {Los Alamitos, CA, USA},
}

@inproceedings{Suh:2007:PUF,
 author = {Suh, G. Edward and Devadas, Srinivas},
 title = {Physical Unclonable Functions for Device Authentication and Secret Key Generation},
 booktitle = {Proceedings of the 44th Annual Design Automation Conference},
 series = {DAC '07},
 year = {2007},
 isbn = {978-1-59593-627-1},
 location = {San Diego, California},
 pages = {9--14},
 numpages = {6},
 url = {http://doi.acm.org/10.1145/1278480.1278484},
 doi = {10.1145/1278480.1278484},
 acmid = {1278484},
 publisher = {ACM},
 address = {New York, NY, USA},
 keywords = {IC authentication, secret keys},
} 

@inproceedings{Gassend:2002:CPR,
 author = {Gassend, Blaise and Clarke, Dwaine and van Dijk, Marten and Devadas, Srinivas},
 title = {Controlled Physical Random Functions},
 booktitle = {Proceedings of the 18th Annual Computer Security Applications Conference},
 series = {ACSAC '02},
 year = {2002},
 isbn = {0-7695-1828-1},
 pages = {149--},
 url = {http://dl.acm.org/citation.cfm?id=784592.784802},
 acmid = {784802},
 publisher = {IEEE Computer Society},
 address = {Washington, DC, USA},
} 

@inproceedings{Gassend:2002:SPR,
 author = {Gassend, Blaise and Clarke, Dwaine and van Dijk, Marten and Devadas, Srinivas},
 title = {Silicon Physical Random Functions},
 booktitle = {Proceedings of the 9th ACM Conference on Computer and Communications Security},
 series = {CCS '02},
 year = {2002},
 isbn = {1-58113-612-9},
 location = {Washington, DC, USA},
 pages = {148--160},
 numpages = {13},
 url = {http://doi.acm.org/10.1145/586110.586132},
 doi = {10.1145/586110.586132},
 acmid = {586132},
 publisher = {ACM},
 address = {New York, NY, USA},
 keywords = {identification, physical random function, physical security, smartcard, tamper resistance, unclonability},
}

@inproceedings{Tuyls:2005:ISA:2105979.2106000,
 author = {Tuyls, P. and \v{S}kori\'{c}, B. and Stallinga, S. and Akkermans, A. H. M. and Ophey, W.},
 title = {Information-theoretic Security Analysis of Physical Uncloneable Functions},
 booktitle = {Proceedings of the 9th International Conference on Financial Cryptography and Data Security},
 series = {FC'05},
 year = {2005},
 isbn = {3-540-26656-9, 978-3-540-26656-3},
 location = {Roseau, The Commonwealth of Dominica},
 pages = {141--155},
 numpages = {15},
 url = {http://dx.doi.org/10.1007/11507840_15},
 doi = {10.1007/11507840_15},
 acmid = {2106000},
 publisher = {Springer-Verlag},
 address = {Berlin, Heidelberg},
 keywords = {challenge-response pair, entropy, physical uncloneable function, speckle pattern},
} 

@inproceedings{Suh:2005:DIA,
 author = {Suh, G. Edward and O'Donnell, Charles W. and Sachdev, Ishan and Devadas, Srinivas},
 title = {Design and Implementation of the AEGIS Single-Chip Secure Processor Using Physical Random Functions},
 booktitle = {Proceedings of the 32Nd Annual International Symposium on Computer Architecture},
 series = {ISCA '05},
 year = {2005},
 isbn = {0-7695-2270-X},
 pages = {25--36},
 numpages = {12},
 url = {http://dx.doi.org/10.1109/ISCA.2005.22},
 doi = {10.1109/ISCA.2005.22},
 acmid = {1069974},
 publisher = {IEEE Computer Society},
 address = {Washington, DC, USA},
} 

@inproceedings{Ruhrmair:2010:MAP,
 author = {R\"{u}hrmair, Ulrich and Sehnke, Frank and S\"{o}lter, Jan and Dror, Gideon and Devadas, Srinivas and Schmidhuber, J\"{u}rgen},
 title = {Modeling Attacks on Physical Unclonable Functions},
 booktitle = {Proceedings of the 17th ACM Conference on Computer and Communications Security},
 series = {CCS '10},
 year = {2010},
 isbn = {978-1-4503-0245-6},
 location = {Chicago, Illinois, USA},
 pages = {237--249},
 numpages = {13},
 url = {http://doi.acm.org/10.1145/1866307.1866335},
 doi = {10.1145/1866307.1866335},
 acmid = {1866335},
 publisher = {ACM},
 address = {New York, NY, USA},
 keywords = {cryptanalysis, machine learning, physical cryptography, physical unclonable functions},
} 

@inproceedings{Guajardo:2007:FIP,
 author = {Guajardo, Jorge and Kumar, Sandeep S. and Schrijen, Geert-Jan and Tuyls, Pim},
 title = {FPGA Intrinsic PUFs and Their Use for IP Protection},
 booktitle = {Proceedings of the 9th International Workshop on Cryptographic Hardware and Embedded Systems},
 series = {CHES '07},
 year = {2007},
 isbn = {978-3-540-74734-5},
 location = {Vienna, Austria},
 pages = {63--80},
 numpages = {18},
 url = {http://dx.doi.org/10.1007/978-3-540-74735-2_5},
 doi = {10.1007/978-3-540-74735-2_5},
 acmid = {1421971},
 publisher = {Springer-Verlag},
 address = {Berlin, Heidelberg},
} 

@inproceedings{Devadas:2009:PUF,
 author = {Devadas, Srini},
 title = {Physical Unclonable Functions and Secure Processors},
 booktitle = {Proceedings of the 11th International Workshop on Cryptographic Hardware and Embedded Systems},
 series = {CHES '09},
 year = {2009},
 isbn = {978-3-642-04137-2},
 location = {Lausanne, Switzerland},
 pages = {65--65},
 numpages = {1},
 url = {http://dx.doi.org/10.1007/978-3-642-04138-9_5},
 doi = {10.1007/978-3-642-04138-9_5},
 acmid = {1617729},
 publisher = {Springer-Verlag},
 address = {Berlin, Heidelberg},
} 

@incollection{PUFIntro,
year={2013},
isbn={978-3-642-42000-9},
booktitle={Number Theory and Cryptography},
volume={8260},
series={Lecture Notes in Computer Science},
editor={Fischlin, Marc and Katzenbeisser, Stefan},
doi={10.1007/978-3-642-42001-6_10},
title={Identities for Embedded Systems Enabled by Physical Unclonable Functions},
url={http://dx.doi.org/10.1007/978-3-642-42001-6_10},
publisher={Springer Berlin Heidelberg},
keywords={Physical Unclonable Functions; Applications; Implementations; Attacks; Countermeasures},
author={Merli, Dominik and Sigl, Georg and Eckert, Claudia},
pages={125-138}
}

@article{Liu:2009:UAP,
 author = {Liu, Jiayang and Zhong, Lin and Wickramasuriya, Jehan and Vasudevan, Venu},
 title = {uWave: Accelerometer-based Personalized Gesture Recognition and Its Applications},
 journal = {Pervasive Mob. Comput.},
 issue_date = {December, 2009},
 volume = {5},
 number = {6},
 month = dec,
 year = {2009},
 issn = {1574-1192},
 pages = {657--675},
 numpages = {19},
 url = {http://dx.doi.org/10.1016/j.pmcj.2009.07.007},
 doi = {10.1016/j.pmcj.2009.07.007},
 acmid = {1663717},
 publisher = {Elsevier Science Publishers B. V.},
 address = {Amsterdam, The Netherlands, The Netherlands},
 keywords = {Acceleration, Dynamic time warping, Gesture recognition, Personalized gesture, User authentication},
}

@inproceedings{Katzenbeisser:2012:PMF,
 author = {Katzenbeisser, Stefan and Kocaba\c{s}, \"{U}nal and Ro\v{z}i\'{c}, Vladimir and Sadeghi, Ahmad-Reza and Verbauwhede, Ingrid and Wachsmann, Christian},
 title = {PUFs: Myth, Fact or Busted? A Security Evaluation of Physically Unclonable Functions (PUFs) Cast in Silicon},
 booktitle = {Proceedings of the 14th International Conference on Cryptographic Hardware and Embedded Systems},
 series = {CHES'12},
 year = {2012},
 isbn = {978-3-642-33026-1},
 location = {Leuven, Belgium},
 pages = {283--301},
 numpages = {19},
 url = {http://dx.doi.org/10.1007/978-3-642-33027-8_17},
 doi = {10.1007/978-3-642-33027-8_17},
 acmid = {2413338},
 publisher = {Springer-Verlag},
 address = {Berlin, Heidelberg},
 keywords = {ASIC implementation, evaluation framework, physically unclonable functions (PUFs), robustness, unpredictability},
}

@article{Dey:2013:AHP,
 author = {Dey, Sanorita and Roy, Nirupam and Xu, Wenyuan and Nelakuditi, Srihari},
 title = {ACM HotMobile 2013 Poster: Leveraging Imperfections of Sensors for Fingerprinting Smartphones},
 journal = {SIGMOBILE Mob. Comput. Commun. Rev.},
 issue_date = {July 2013},
 volume = {17},
 number = {3},
 month = nov,
 year = {2013},
 issn = {1559-1662},
 pages = {21--22},
 numpages = {2},
 url = {http://doi.acm.org/10.1145/2542095.2542107},
 doi = {10.1145/2542095.2542107},
 acmid = {2542107},
 publisher = {ACM},
 address = {New York, NY, USA},
} 

@inproceedings{Aysu:2013:DFL,
 author = {Aysu, Aydin and Ghalaty, Nahid Farhady and Franklin, Zane and Yali, Moein Pahlavan and Schaumont, Patrick},
 title = {Digital Fingerprints for Low-cost Platforms Using MEMS Sensors},
 booktitle = {Proceedings of the Workshop on Embedded Systems Security},
 series = {WESS '13},
 year = {2013},
 isbn = {978-1-4503-2145-7},
 location = {Montreal, Quebec, Canada},
 pages = {2:1--2:6},
 articleno = {2},
 numpages = {6},
 url = {http://doi.acm.org/10.1145/2527317.2527319},
 doi = {10.1145/2527317.2527319},
 acmid = {2527319},
 publisher = {ACM},
 address = {New York, NY, USA},
 keywords = {RFID, accelerometer sensor, digital fingerprints, microcontrollers, physical authentication},
} 

@misc{StanfordFingerPrint,
author={Bojinov, H. and Boneh, D.},
title={Stanford researchers discover alarming method for phone tracking, fingerprinting through sensor flaws},
booktitle={San Francisco Chronicle},
note={San Francisco Chronicle, http://blog.sfgate.com/techchron/2013/10/10/stanford-researchers-discover-alarming-method-for-phone-tracking-fingerprinting-through-sensor-flaws/},
month={October},
year={2013}
}

@ARTICLE{YuEC10, 
author={Meng-Day Yu and Devadas, S}, 
journal={Design Test of Computers, IEEE}, 
title={Secure and Robust Error Correction for Physical Unclonable Functions}, 
year={2010}, 
month={Jan}, 
volume={27}, 
number={1}, 
pages={48-65}, 
keywords={digital rights management;encoding;error correction codes;security of data;digital rights management;error correction codes;physical unclonable functions;robust error correction;secure error correction;syndrome coding;Application software;Circuits;Error correction;Error correction codes;Hamming distance;Robustness;Semiconductor devices;Temperature;Voltage;Working environment noise;ECC;design and test;error correction;error-correcting code;index-based syndrome coding;key generation;physical unclonable function;syndrome coding}, 
doi={10.1109/MDT.2010.25}, 
ISSN={0740-7475},}

@article{SuhOD07,
  author    = {G. Edward Suh and
               Charles W. O'Donnell and
               Srinivas Devadas},
  title     = {Aegis: A Single-Chip Secure Processor},
  journal   = {IEEE Design {\&} Test of Computers},
  volume    = {24},
  number    = {6},
  year      = {2007},
  pages     = {570-580},
}

@Manual{SHA1,
  organization = {National Institute of Standards and Technology (NIST)},
  title= {FIPS-180-2: Secure Hash Standard},
  year = {2002},
  month={Aug},
  note={available online at http://www.itl.nist.gov/fipspubs/}
}

@ARTICLE{Simard07testu01:a,
    author = {L'Ecuyur,  Pierre and Simard, Richard },
    title = {TestU01: A C library for empirical testing of random number generators},
    journal = {ACM Transactions on Mathematical Software},
volume={33},
number={4},
    year = {2007},
    pages = {22-40}
}

@article{SmallDataSetEntropy,
  author={Juan A Bonachela and Haye Hinrichsen and Miguel A Muñoz},
  title={Entropy estimates of small data sets},
  journal={Journal of Physics A: Mathematical and Theoretical},
  volume={41},
  number={20},
  pages={202001},
  url={http://stacks.iop.org/1751-8121/41/i=20/a=202001},
  year={2008},
  abstract={Estimating entropies from limited data series is known to be a non-trivial task. Naïve estimations are plagued with both systematic (bias) and statistical errors. Here, we present a new 'balanced estimator' for entropy functionals (Shannon, Rényi and Tsallis) specially devised to provide a compromise between low bias and small statistical errors, for short data series. This new estimator outperforms other currently available ones when the data sets are small and the probabilities of the possible outputs of the random variable are not close to zero. Otherwise, other well-known estimators remain a better choice. The potential range of applicability of this estimator is quite broad specially for biological and digital data series.}
}

@article{shapiro1965analysis,
  title={An analysis of variance test for normality (complete samples)},
  author={Shapiro, Samuel Sanford and Wilk, Martin B},
  journal={Biometrika},
  volume={52},
  number={3/4},
  pages={591--611},
  year={1965},
  publisher={JSTOR}
}

@article{mackenzie1999text,
  title={Text entry using soft keyboards},
  author={MacKenzie, I Scott and Zhang, Shawn X and Soukoreff, R William},
  journal={Behaviour \& information technology},
  volume={18},
  number={4},
  pages={235--244},
  year={1999},
  publisher={Taylor \& Francis}
}

@misc{TPM,
author = {Trusted Computing Group},
title = {Trusted Platform Module},
url={http://www.trustedcomputinggroup.org/},
year={2011}
}

@misc{TXT,
author = {Intel Corp},
title = {Intel Trusted Execution
Technology: Preliminary Architecture Specification},
url={http://class.ece.iastate.edu/tyagi/cpre681/papers/iTXT31516804.pdf‎},
year={2007}
}

@inproceedings{ruhrmair2015virtual,
  title={Virtual proofs of reality and their physical implementation},
  author={Ruhrmair, Ulrich and Martinez-Hurtado, JL and Xu, Xiaolin and Kraeh, Christian and Hilgers, Christian and Kononchuk, Dima and Finley, Jonathan J and Burleson, Wayne P},
  booktitle={Security and Privacy (SP), 2015 IEEE Symposium on},
  pages={70--85},
  year={2015},
  organization={IEEE}
}

@inproceedings{rosenfeld2010sensor,
  title={Sensor physical unclonable functions},
  author={Rosenfeld, Kurt and Gavas, Efstratios and Karri, Ramesh},
  booktitle={Hardware-Oriented Security and Trust (HOST), 2010 IEEE International Symposium on},
  pages={112--117},
  year={2010},
  organization={IEEE}
}

@article{aviv2010smudge,
  title={Smudge Attacks on Smartphone Touch Screens.},
  author={Aviv, Adam J and Gibson, Katherine and Mossop, Evan and Blaze, Matt and Smith, Jonathan M},
  journal={WOOT},
  volume={10},
  pages={1--7},
  year={2010}
}

@inproceedings{harbach2014sa,
  title={It’sa hard lock life: A field study of smartphone (un) locking behavior and risk perception},
  author={Harbach, Marian and von Zezschwitz, Emanuel and Fichtner, Andreas and De Luca, Alexander and Smith, Matthew},
  booktitle={Symposium On Usable Privacy and Security (SOUPS 2014)},
  pages={213--230},
  year={2014}
}

@inproceedings{de2014now,
  title={Now you see me, now you don't: protecting smartphone authentication from shoulder surfers},
  author={De Luca, Alexander and Harbach, Marian and von Zezschwitz, Emanuel and Maurer, Max-Emanuel and Slawik, Bernhard Ewald and Hussmann, Heinrich and Smith, Matthew},
  booktitle={Proceedings of the SIGCHI Conference on Human Factors in Computing Systems},
  pages={2937--2946},
  year={2014},
  organization={ACM}
}

@misc{CR14,
author={Consumer Reports},
title={Smart phone thefts rose to 3.1 million in 2013
Industry solution falls short, while legislative efforts to curb theft continue},
booktitle={Consumer Reports},
note={Consumer Reports, http://www.consumerreports.org/cro/news/2014/04/smart-phone-thefts-rose-to-3-1-million-last-year/index.htm},
month={May},
year={2014}
}

@misc{FCC14,
author={Federal Communications Commission},
title={Report of Technological Advisory Council (TAC)
Subcommittee on Mobile Device Theft Prevention
(MDTP)},
booktitle={FCC},
note={FCC, http://transition.fcc.gov/bureaus/oet/tac/tacdocs/\\meeting12414/TAC-MDTP-Report-v1.0-FINAL-TAC-version.pdf},
month={December},
year={2014}
}

@article{cao2016hacking,
  title={Hacking Mobile Phones Using 2D Printed Fingerprints},
  author={Cao, Kai and Jain, Anil K},
  year={2016}
}

@inproceedings{schaub2012password,
  title={Password entry usability and shoulder surfing susceptibility on different smartphone platforms},
  author={Schaub, Florian and Deyhle, Ruben and Weber, Michael},
  booktitle={Proceedings of the 11th International Conference on Mobile and Ubiquitous Multimedia},
  pages={13},
  year={2012},
  organization={ACM}
}

@inproceedings{hafiz2008towards,
  title={Towards identifying usability and security features of graphical password in knowledge based authentication technique},
  author={Hafiz, Muhammad Daniel and Abdullah, Abdul Hanan and Ithnin, Norafida and Mammi, Hazinah K},
  booktitle={Modeling \& Simulation, 2008. AICMS 08. Second Asia International Conference on},
  pages={396--403},
  year={2008},
  organization={IEEE}
}

@inproceedings{de2013can,
  title={Can face anti-spoofing countermeasures work in a real world scenario?},
  author={de Freitas Pereira, Tiago and Anjos, Andr{\'e} and De Martino, Jos{\'e} Mario and Marcel, S{\'e}bastien},
  booktitle={Biometrics (ICB), 2013 International Conference on},
  pages={1--8},
  year={2013},
  organization={IEEE}
}

@misc{CHAOS,
  title = {{Chaos Computer Club.} Instructions detailing how to create fake finger prints capable of passing finger print scanner authentication, October 2004, Chaos Computer Club.},
  howpublished = {\url{http://dasalte.ccc.de/biometrie/fingerabdruck_kopieren.en}},
  note = {Accessed: 2016-04-09}
}

@misc{AGIC,
  title = {{AgIC.} AgIC transforms a home printer into a circuit board manufacturing equipment., July 2016, AgIC.},
  howpublished = {\url{https://agic.cc/en}},
  note = {Accessed: 2016-16-09}
}

@inproceedings{shi2011senguard,
  title={Senguard: Passive user identification on smartphones using multiple sensors},
  author={Shi, Weidong and Yang, Feng and Jiang, Yifei and Yang, Feng and Xiong, Yingen},
  booktitle={Wireless and Mobile Computing, Networking and Communications (WiMob), 2011 IEEE 7th International Conference on},
  pages={141--148},
  year={2011},
  organization={IEEE}
}

@inproceedings{feng2012continuous,
  title={Continuous mobile authentication using touchscreen gestures},
  author={Feng, Tao and Liu, Ziyi and Kwon, Kyeong-An and Shi, Weidong and Carbunar, Bogdan and Jiang, Yifei and Nguyen, Ngac Ky},
  booktitle={Homeland Security (HST), 2012 IEEE Conference on Technologies for},
  pages={451--456},
  year={2012},
  organization={IEEE}
}
@inproceedings{ScTy15,
author={Scheel, R. and Tyagi, A.},
title={Characterizing Composite User-Device Touchscreen Physical Unclonable Functions (PUFs) for Mobile Device Authentication},
booktitle={ACM International Workshop on Trusted Embeddedd Devices},
note={ http://class.ece.iastate.edu/tyagi/mobileUDPUF.pdf},
month={October},
year={2015}
}

@inproceedings{saravanan2014latentgesture,
title={LatentGesture: active user authentication through background touch analysis},
author={Saravanan, Premkumar and Clarke, Samuel and Chau, Duen Horng Polo and Zha, Hongyuan},
booktitle={Proceedings of the Second International Symposium of Chinese CHI},
pages={110--113},
year={2014},
organization={ACM}
}

@article{threesigmarule,

author = {Pukelsheim, Friedrich},

doi = {10.1080/00031305.1994.10476030},
journal = {The American Statistician},
keywords = {course},
month = may,
number = {2},
pages = {88--91},
posted-at = {2014-01-19 10:57:09},
priority = {2},
publisher = {Taylor \& Francis},
title = {{The Three Sigma Rule}},
url = {http://dx.doi.org/10.1080/00031305.1994.10476030},
volume = {48},
year = {1994}
}

@article{Brown:ngram,
 author = {Brown, Peter F. and deSouza, Peter V. and Mercer, Robert L. and Pietra, Vincent J. Della and Lai, Jenifer C.},
 title = {Class-based N-gram Models of Natural Language},
 journal = {Comput. Linguist.},
 issue_date = {December 1992},
 volume = {18},
 number = {4},
 month = dec,
 year = {1992},
 issn = {0891-2017},
 pages = {467--479},
 numpages = {13},
 url = {http://dl.acm.org/citation.cfm?id=176313.176316},
 acmid = {176316},
 publisher = {MIT Press},
 address = {Cambridge, MA, USA},
} 

@incollection{chis2013sliding,
  title={Sliding Hidden Markov Model for Evaluating Discrete Data},
  author={Chis, Tiberiu},
  booktitle={Computer Performance Engineering},
  pages={251--262},
  year={2013},
  publisher={Springer}
}
@book{Doob53book,
AUTHOR = {Doob, J. L.},
TITLE = {Stochastic Processes},
BOOKTITLE = {Stochastic Processes},
YEAR = {1953},
ADDRESS = {New York},
PUBLISHER = {Wiley} }

@book{Trivedi2002,
 author = {Trivedi, Kishor S.},
 title = {Probability and Statistics with Reliability, Queuing and Computer Science Applications},
 year = {2002},
 isbn = {0-471-33341-7},
 edition = {2nd edition},
 publisher = {John Wiley and Sons Ltd.},
 address = {Chichester, UK},
} 

@incollection{mccool2009parts,
  title={Parts-based face verification using local frequency bands},
  author={McCool, Christopher and Marcel, S{\'e}bastien},
  booktitle={Advances in Biometrics},
  pages={259--268},
  year={2009},
  publisher={Springer}
}

@inproceedings{hadid2014face,
  title={Face biometrics under spoofing attacks: Vulnerabilities, countermeasures, open issues, and research directions},
  author={Hadid, Abdenour},
  booktitle={Proceedings of the IEEE Conference on Computer Vision and Pattern Recognition Workshops},
  pages={113--118},
  year={2014}
}

@article{frank2013touchalytics,
  title={Touchalytics: On the applicability of touchscreen input as a behavioral biometric for continuous authentication},
  author={Frank, Michael and Biedert, Ralf and Ma, En-Di and Martinovic, Ivan and Song, Dong},
  journal={Information Forensics and Security, IEEE Transactions on},
  volume={8},
  number={1},
  pages={136--148},
  year={2013},
  publisher={IEEE}
}

@inproceedings{de2012touch,
  title={Touch me once and i know it's you!: implicit authentication based on touch screen patterns},
  author={De Luca, Alexander and Hang, Alina and Brudy, Frederik and Lindner, Christian and Hussmann, Heinrich},
  booktitle={Proceedings of the SIGCHI Conference on Human Factors in Computing Systems},
  pages={987--996},
  year={2012},
  organization={ACM}
}