@article{threesigmarule,
   
   author = {Pukelsheim, Friedrich},
   
    doi = {10.1080/00031305.1994.10476030},
    journal = {The American Statistician},
    keywords = {course},
    month = may,
    number = {2},
    pages = {88--91},
    posted-at = {2014-01-19 10:57:09},
    priority = {2},
    publisher = {Taylor \& Francis},
    title = {{The Three Sigma Rule}},
    url = {http://dx.doi.org/10.1080/00031305.1994.10476030},
    volume = {48},
    year = {1994}
}

@article{Brown:ngram,
 author = {Brown, Peter F. and deSouza, Peter V. and Mercer, Robert L. and Pietra, Vincent J. Della and Lai, Jenifer C.},
 title = {Class-based N-gram Models of Natural Language},
 journal = {Comput. Linguist.},
 issue_date = {December 1992},
 volume = {18},
 number = {4},
 month = dec,
 year = {1992},
 issn = {0891-2017},
 pages = {467--479},
 numpages = {13},
 url = {http://dl.acm.org/citation.cfm?id=176313.176316},
 acmid = {176316},
 publisher = {MIT Press},
 address = {Cambridge, MA, USA},
} 
@inproceedings{zhu2013sensec,
  title={Sensec: Mobile security through passive sensing},
  author={Zhu, Jiang and Wu, Pang and Wang, Xiao and Zhang, Joy},
  booktitle={Computing, Networking and Communications (ICNC), 2013 International Conference on},
  pages={1128--1133},
  year={2013},
  organization={IEEE}
}

@incollection{chis2013sliding,
  title={Sliding Hidden Markov Model for Evaluating Discrete Data},
  author={Chis, Tiberiu},
  booktitle={Computer Performance Engineering},
  pages={251--262},
  year={2013},
  publisher={Springer}
}
@book{Doob53book,
AUTHOR = {Doob, J. L.},
TITLE = {Stochastic Processes},
BOOKTITLE = {Stochastic Processes},
YEAR = {1953},
ADDRESS = {New York},
PUBLISHER = {Wiley} }

@book{Trivedi2002,
 author = {Trivedi, Kishor S.},
 title = {Probability and Statistics with Reliability, Queuing and Computer Science Applications},
 year = {2002},
 isbn = {0-471-33341-7},
 edition = {2nd edition},
 publisher = {John Wiley and Sons Ltd.},
 address = {Chichester, UK},
} 