@inproceedings{saravanan2014latentgesture,
  title={LatentGesture: active user authentication through background touch analysis},
  author={Saravanan, Premkumar and Clarke, Samuel and Chau, Duen Horng Polo and Zha, Hongyuan},
  booktitle={Proceedings of the Second International Symposium of Chinese CHI},
  pages={110--113},
  year={2014},
  organization={ACM}
}
@misc{CR14,
author={Consumer Reports},
title={Smart phone thefts rose to 3.1 million in 2013
Industry solution falls short, while legislative efforts to curb theft continue},
booktitle={Consumer Reports},
note={Consumer Reports, http://www.consumerreports.org/cro/news/2014/04/smart-phone-thefts-rose-to-3-1-million-last-year/index.htm},
month={May},
year={2014}
}

@misc{FCC14,
author={Federal Communications Commission},
title={Report of Technological Advisory Council (TAC)
Subcommittee on Mobile Device Theft Prevention
(MDTP)},
booktitle={FCC},
note={FCC, http://transition.fcc.gov/bureaus/oet/tac/tacdocs/\\meeting12414/TAC-MDTP-Report-v1.0-FINAL-TAC-version.pdf},
month={December},
year={2014}
}